@inproceedings{agarwal2017thermostat,
  title={Thermostat: Application-transparent page management for two-tiered main memory},
  author={Agarwal, Neha and Wenisch, Thomas F},
  booktitle={ACM SIGARCH Computer Architecture News},
  volume={45},
  number={1},
  pages={631--644},
  year={2017},
  organization={ACM}
}

@inproceedings{dong2019performance,
  title={Performance and protection in the ZoFS user-space NVM file system},
  author={Dong, Mingkai and Bu, Heng and Yi, Jifei and Dong, Benchao and Chen, Haibo},
  booktitle={Proceedings of the 27th ACM Symposium on Operating Systems Principles},
  pages={478--493},
  year={2019},
  organization={ACM}
}

@inproceedings{doudali2017comerge,
  title={Comerge: toward efficient data placement in shared heterogeneous memory systems},
  author={Doudali, Thaleia Dimitra and Gavrilovska, Ada},
  booktitle={Proceedings of the International Symposium on Memory Systems},
  pages={251--261},
  year={2017},
  organization={ACM}
}

@inproceedings{dulloor2014system,
  title={System software for persistent memory},
  author={Dulloor, Subramanya R and Kumar, Sanjay and Keshavamurthy, Anil and Lantz, Philip and Reddy, Dheeraj and Sankaran, Rajesh and Jackson, Jeff},
  booktitle={Proceedings of the Ninth European Conference on Computer Systems},
  pages={15},
  year={2014},
  organization={ACM}
}

@article{gill2019single,
  title={Single Machine Graph Analytics on Massive Datasets Using Intel Optane DC Persistent Memory},
  author={Gill, Gurbinder and Dathathri, Roshan and Hoang, Loc and Peri, Ramesh and Pingali, Keshav},
  journal={arXiv preprint arXiv:1904.07162},
  year={2019}
}

@Article{Hunter:2007,
  Author    = {Hunter, J. D.},
  Title     = {Matplotlib: A 2D graphics environment},
  Journal   = {Computing In Science \& Engineering},
  Volume    = {9},
  Number    = {3},
  Pages     = {90--95},
  abstract  = {Matplotlib is a 2D graphics package used for Python
  for application development, interactive scripting, and
  publication-quality image generation across user
  interfaces and operating systems.},
  publisher = {IEEE COMPUTER SOC},
  doi       = {10.1109/MCSE.2007.55},
  year      = 2007
}

@misc{IntelAEPWatch,
  title={Memory Optimizer},
  author={Intel},
  year={2019},
  url={https://github.com/intel/memory-optimizer}
}

% https://software.intel.com/en-us/articles/quick-start-guide-configure-intel-optane-dc-persistent-memory-on-linux
@misc{intel2019quickstart,
  title={Quick Start Guide: Provision Intel Optane DC Persistent Memory},
  author={Intel},
  year={2019},
  month={9},
  day={5},
  howpublished={\url{https://tinyurl.com/wcznyhf}},
  notes={(accessed December 26, 2019)}
}

@inproceedings{kadekodi2019splitfs,
  title={SplitFS: reducing software overhead in file systems for persistent memory},
  author={Kadekodi, Rohan and Lee, Se Kwon and Kashyap, Sanidhya and Kim, Taesoo and Kolli, Aasheesh and Chidambaram, Vijay},
  booktitle={Proceedings of the 27th ACM Symposium on Operating Systems Principles},
  pages={494--508},
  year={2019},
  organization={ACM}
}

% https://pmem.io/2016/02/22/pm-emulation.html
@misc{Maciejewski2017persistent,
  title={Persistent Memory Programming: How to emulate Persistent Memory},
  author={Maciejewski},
  year={2017},
  month={December},
  day={11},
  url={https://tinyurl.com/y53saf9j},
  note={(accessed January 1, 2019)}
}

@inproceedings{panwar2018making,
  title={Making Huge Pages Actually Useful},
  author={Panwar, Ashish and Prasad, Aravinda and Gopinath, K},
  booktitle={Proceedings of the Twenty-Third International Conference on Architectural Support for Programming Languages and Operating Systems},
  pages={679--692},
  year={2018},
  organization={ACM}
}

@inproceedings{peng2019system,
  title={System Evaluation of the Intel Optane Byte-addressable NVM},
  author={Peng, Ivy B and Gokhale, Maya B and Green, Eric W},
  booktitle={Symposium on Memory Systems (MEMSYS’19)},
  year={2019}
}

@article{izraelevitz2019basic,
  title={Basic Performance Measurements of the Intel Optane DC Persistent Memory Module},
  author={Izraelevitz, Joseph and Yang, Jian and Zhang, Lu and Kim, Juno and Liu, Xiao and Memaripour, Amirsaman and Soh, Yun Joon and Wang, Zixuan and Xu, Yi and Dulloor, Subramanya R and others},
  journal={arXiv preprint arXiv:1903.05714},
  year={2019}
}

@MISC{polybench,
author = {L. Pouchet},
title = {PolyBench/C: the Polyhedral Benchmark suite{@MISC}},
month = "March",
year = {2017},
url = {https://tinyurl.com/y442hthg}
}

@misc{PMDK,
  title={Persistent Memory Development Kit},
  author={Rudoff, Andy},
  year={2018},
  publisher={Intel Corporation},
  url={http://pmem.io/pmdk}
}

@inproceedings{rudoff2019NVMProgrammingModel,
  title={Impact on Application Development: SNIA NVM Programming Model in the Real World},
  author={Rudoff, Andy},
  year={2019},
  month={1},
  day={24},
  booktitle={SNIA Persistent Memory Summit},
  organization={SNIA},
  howpublished={\url{https://tinyurl.com/thqjwn4}},
  notes={(accessed December 26, 2019)}
}

@inproceedings{volos2015quartz,
  title={Quartz: A lightweight performance emulator for persistent memory software},
  author={Volos, Haris and Magalhaes, Guilherme and Cherkasova, Ludmila and Li, Jun},
  booktitle={Proceedings of the 16th Annual Middleware Conference},
  pages={37--49},
  year={2015},
  organization={ACM}
}

@inproceedings{wu1994envy,
  title={eNVy: a non-volatile, main memory storage system},
  author={Wu, Michael and Zwaenepoel, Willy},
  booktitle={ACM SIGOPS Operating Systems Review},
  volume={28},
  number={5},
  pages={86--97},
  year={1994},
  organization={ACM}
}

@inproceedings{xu2016nova,
  title={NOVA: A Log-structured File System for Hybrid Volatile/Non-volatile Main Memories.},
  author={Xu, Jian and Swanson, Steven},
  booktitle={FAST},
  pages={323--338},
  year={2016}
}

@article{yang2019empirical,
  title={An Empirical Guide to the Behavior and Use of Scalable Persistent Memory},
  author={Yang, Jian and Kim, Juno and Hoseinzadeh, Morteza and Izraelevitz, Joseph and Swanson, Steven},
  journal={arXiv preprint arXiv:1908.03583},
  year={2019}
}

@inproceedings{yuki2014understanding,
  title={Understanding PolyBench/C 3.2 kernels},
  author={Yuki, Tomofumi},
  booktitle={International workshop on Polyhedral Compilation Techniques (IMPACT)},
  pages={1--5},
  year={2014}
}

@misc{yuki2015polybench,
  title={Polybench 4.0},
  author={Yuki, Tomofumi and Pouchet, Louis-No\¨el },
  year={2015},
  month={2},
  day={26},
  howpublished={\url{https://bit.ly/2LQbJQY}},
  notes={(accessed October 6, 2019)}
}